@misc{perrone2019notes,
    title={Notes on Category Theory with examples from basic mathematics},
    author={Paolo Perrone},
    year={2019},
    eprint={1912.10642},
    archivePrefix={arXiv},
    primaryClass={math.CT}
}
@Book{riehlcats,
    title={Category Theory in Context},
    author={Emily Riehl},
    year={2016},
    publisher={Dover Publications},
}